%YAML 1.1
%TAG !u! tag:unity3d.com,2011:
--- !u!65 &8459794707817000389
BoxCollider:
  m_ObjectHideFlags: 0
  m_CorrespondingSourceObject: {fileID: 0}
  m_PrefabInstance: {fileID: 0}
  m_PrefabAsset: {fileID: 0}
  m_GameObject: {fileID: 3312436799167398262}
  m_Material: {fileID: 0}
  m_IsTrigger: 0
  m_Enabled: 1
  serializedVersion: 2
  m_Size: {x: 2, y: 3.1, z: 2}
  m_Center: {x: -2.05, y: 3, z: -2.75}
--- !u!1 &3685984517498486066
GameObject:
  m_ObjectHideFlags: 0
  m_CorrespondingSourceObject: {fileID: 0}
  m_PrefabInstance: {fileID: 0}
  m_PrefabAsset: {fileID: 0}
  serializedVersion: 6
  m_Component:
  - component: {fileID: 4629112671716873189}
  - component: {fileID: 1983998796116241784}
  - component: {fileID: 7870415012467176650}
  - component: {fileID: 421806341129682941}
  m_Layer: 8
  m_Name: Grass03
  m_TagString: Untagged
  m_Icon: {fileID: 0}
  m_NavMeshLayer: 0
  m_StaticEditorFlags: 0
  m_IsActive: 1
--- !u!4 &4629112671716873189
Transform:
  m_ObjectHideFlags: 0
  m_CorrespondingSourceObject: {fileID: 0}
  m_PrefabInstance: {fileID: 0}
  m_PrefabAsset: {fileID: 0}
  m_GameObject: {fileID: 3685984517498486066}
  m_LocalRotation: {x: 0, y: 0, z: 0, w: 1}
  m_LocalPosition: {x: 0, y: 0, z: 0}
  m_LocalScale: {x: 1, y: 1, z: 50}
  m_Children:
  - {fileID: 4290197038240164336}
  - {fileID: 7175262483281902335}
  - {fileID: 1991570016936981349}
  - {fileID: 5060011324921517773}
  - {fileID: 8771216117885547525}
  - {fileID: 3648191347969077312}
  - {fileID: 1260277460351308288}
  m_Father: {fileID: 0}
  m_RootOrder: 0
  m_LocalEulerAnglesHint: {x: 0, y: 0, z: 0}
--- !u!33 &1983998796116241784
MeshFilter:
  m_ObjectHideFlags: 0
  m_CorrespondingSourceObject: {fileID: 0}
  m_PrefabInstance: {fileID: 0}
  m_PrefabAsset: {fileID: 0}
  m_GameObject: {fileID: 3685984517498486066}
  m_Mesh: {fileID: 10202, guid: 0000000000000000e000000000000000, type: 0}
--- !u!23 &7870415012467176650
MeshRenderer:
  m_ObjectHideFlags: 0
  m_CorrespondingSourceObject: {fileID: 0}
  m_PrefabInstance: {fileID: 0}
  m_PrefabAsset: {fileID: 0}
  m_GameObject: {fileID: 3685984517498486066}
  m_Enabled: 1
  m_CastShadows: 1
  m_ReceiveShadows: 1
  m_DynamicOccludee: 1
  m_MotionVectors: 1
  m_LightProbeUsage: 1
  m_ReflectionProbeUsage: 1
  m_RayTracingMode: 2
  m_RenderingLayerMask: 1
  m_RendererPriority: 0
  m_Materials:
  - {fileID: 2100000, guid: 7358eed7115cc1e45a36b8fd0abc4b45, type: 2}
  m_StaticBatchInfo:
    firstSubMesh: 0
    subMeshCount: 0
  m_StaticBatchRoot: {fileID: 0}
  m_ProbeAnchor: {fileID: 0}
  m_LightProbeVolumeOverride: {fileID: 0}
  m_ScaleInLightmap: 1
  m_ReceiveGI: 1
  m_PreserveUVs: 0
  m_IgnoreNormalsForChartDetection: 0
  m_ImportantGI: 0
  m_StitchLightmapSeams: 1
  m_SelectedEditorRenderState: 3
  m_MinimumChartSize: 4
  m_AutoUVMaxDistance: 0.5
  m_AutoUVMaxAngle: 89
  m_LightmapParameters: {fileID: 0}
  m_SortingLayerID: 0
  m_SortingLayer: 0
  m_SortingOrder: 0
--- !u!65 &421806341129682941
BoxCollider:
  m_ObjectHideFlags: 0
  m_CorrespondingSourceObject: {fileID: 0}
  m_PrefabInstance: {fileID: 0}
  m_PrefabAsset: {fileID: 0}
  m_GameObject: {fileID: 3685984517498486066}
  m_Material: {fileID: 0}
  m_IsTrigger: 0
  m_Enabled: 1
  serializedVersion: 2
  m_Size: {x: 1, y: 1, z: 1}
  m_Center: {x: 0, y: 0, z: 0}
--- !u!1 &4205366297112078777
GameObject:
  m_ObjectHideFlags: 0
  m_CorrespondingSourceObject: {fileID: 0}
  m_PrefabInstance: {fileID: 0}
  m_PrefabAsset: {fileID: 0}
  serializedVersion: 6
  m_Component:
  - component: {fileID: 4546186600040184383}
  - component: {fileID: 1963079868261269058}
  - component: {fileID: 4618942809327196925}
  m_Layer: 9
  m_Name: default
  m_TagString: Untagged
  m_Icon: {fileID: 0}
  m_NavMeshLayer: 0
  m_StaticEditorFlags: 0
  m_IsActive: 1
--- !u!4 &4546186600040184383
Transform:
  m_ObjectHideFlags: 0
  m_CorrespondingSourceObject: {fileID: 0}
  m_PrefabInstance: {fileID: 0}
  m_PrefabAsset: {fileID: 0}
  m_GameObject: {fileID: 4205366297112078777}
  m_LocalRotation: {x: 0, y: -0, z: -0, w: 1}
  m_LocalPosition: {x: -0, y: 0, z: 4.46}
  m_LocalScale: {x: 1, y: 1, z: 1}
  m_Children: []
  m_Father: {fileID: 7175262483281902335}
  m_RootOrder: 0
  m_LocalEulerAnglesHint: {x: 0, y: 0, z: 0}
--- !u!33 &1963079868261269058
MeshFilter:
  m_ObjectHideFlags: 0
  m_CorrespondingSourceObject: {fileID: 0}
  m_PrefabInstance: {fileID: 0}
  m_PrefabAsset: {fileID: 0}
  m_GameObject: {fileID: 4205366297112078777}
  m_Mesh: {fileID: -2432090755550338912, guid: 215cc19dacb6705499db6d213e7428c6, type: 3}
--- !u!23 &4618942809327196925
MeshRenderer:
  m_ObjectHideFlags: 0
  m_CorrespondingSourceObject: {fileID: 0}
  m_PrefabInstance: {fileID: 0}
  m_PrefabAsset: {fileID: 0}
  m_GameObject: {fileID: 4205366297112078777}
  m_Enabled: 1
  m_CastShadows: 1
  m_ReceiveShadows: 1
  m_DynamicOccludee: 1
  m_MotionVectors: 1
  m_LightProbeUsage: 1
  m_ReflectionProbeUsage: 1
  m_RayTracingMode: 2
  m_RenderingLayerMask: 1
  m_RendererPriority: 0
  m_Materials:
  - {fileID: 2100000, guid: 9e5d30159707aed42849f9364d545b02, type: 2}
  m_StaticBatchInfo:
    firstSubMesh: 0
    subMeshCount: 0
  m_StaticBatchRoot: {fileID: 0}
  m_ProbeAnchor: {fileID: 0}
  m_LightProbeVolumeOverride: {fileID: 0}
  m_ScaleInLightmap: 1
  m_ReceiveGI: 1
  m_PreserveUVs: 0
  m_IgnoreNormalsForChartDetection: 0
  m_ImportantGI: 0
  m_StitchLightmapSeams: 1
  m_SelectedEditorRenderState: 3
  m_MinimumChartSize: 4
  m_AutoUVMaxDistance: 0.5
  m_AutoUVMaxAngle: 89
  m_LightmapParameters: {fileID: 0}
  m_SortingLayerID: 0
  m_SortingLayer: 0
  m_SortingOrder: 0
--- !u!1 &5438415552819085084
GameObject:
  m_ObjectHideFlags: 0
  m_CorrespondingSourceObject: {fileID: 0}
  m_PrefabInstance: {fileID: 0}
  m_PrefabAsset: {fileID: 0}
  serializedVersion: 6
  m_Component:
  - component: {fileID: 4290197038240164336}
  - component: {fileID: 6346425492958397644}
  m_Layer: 9
  m_Name: tree_1 (2)
  m_TagString: Untagged
  m_Icon: {fileID: 0}
  m_NavMeshLayer: 0
  m_StaticEditorFlags: 0
  m_IsActive: 1
--- !u!4 &4290197038240164336
Transform:
  m_ObjectHideFlags: 0
  m_CorrespondingSourceObject: {fileID: 0}
  m_PrefabInstance: {fileID: 0}
  m_PrefabAsset: {fileID: 0}
  m_GameObject: {fileID: 5438415552819085084}
  m_LocalRotation: {x: -0, y: -0, z: -0, w: 1}
  m_LocalPosition: {x: 0.95, y: -2.72, z: 0.2624}
  m_LocalScale: {x: 0.5, y: 1.5, z: 0.01}
  m_Children:
  - {fileID: 6063965710154143922}
  m_Father: {fileID: 4629112671716873189}
  m_RootOrder: 0
  m_LocalEulerAnglesHint: {x: 0, y: 0, z: 0}
--- !u!65 &6346425492958397644
BoxCollider:
  m_ObjectHideFlags: 0
  m_CorrespondingSourceObject: {fileID: 0}
  m_PrefabInstance: {fileID: 0}
  m_PrefabAsset: {fileID: 0}
  m_GameObject: {fileID: 5438415552819085084}
  m_Material: {fileID: 0}
  m_IsTrigger: 0
  m_Enabled: 1
  serializedVersion: 2
  m_Size: {x: 2, y: 3.5, z: 3}
  m_Center: {x: -1.9, y: 3.8, z: 9.25}
--- !u!1 &5443523021546607565
GameObject:
  m_ObjectHideFlags: 0
  m_CorrespondingSourceObject: {fileID: 0}
  m_PrefabInstance: {fileID: 0}
  m_PrefabAsset: {fileID: 0}
  serializedVersion: 6
  m_Component:
  - component: {fileID: 3648191347969077312}
  - component: {fileID: 2988579894228599629}
  - component: {fileID: 6277693349112625604}
  - component: {fileID: 5161258451496635941}
  m_Layer: 9
  m_Name: Cube
  m_TagString: Untagged
  m_Icon: {fileID: 0}
  m_NavMeshLayer: 0
  m_StaticEditorFlags: 0
  m_IsActive: 1
--- !u!4 &3648191347969077312
Transform:
  m_ObjectHideFlags: 0
  m_CorrespondingSourceObject: {fileID: 0}
  m_PrefabInstance: {fileID: 0}
  m_PrefabAsset: {fileID: 0}
  m_GameObject: {fileID: 5443523021546607565}
  m_LocalRotation: {x: -0, y: -0, z: -0, w: 1}
  m_LocalPosition: {x: 0, y: 3, z: -0.14}
  m_LocalScale: {x: 1, y: 7, z: 0.02}
  m_Children: []
  m_Father: {fileID: 4629112671716873189}
  m_RootOrder: 5
  m_LocalEulerAnglesHint: {x: 0, y: 0, z: 0}
--- !u!33 &2988579894228599629
MeshFilter:
  m_ObjectHideFlags: 0
  m_CorrespondingSourceObject: {fileID: 0}
  m_PrefabInstance: {fileID: 0}
  m_PrefabAsset: {fileID: 0}
  m_GameObject: {fileID: 5443523021546607565}
  m_Mesh: {fileID: 10202, guid: 0000000000000000e000000000000000, type: 0}
--- !u!23 &6277693349112625604
MeshRenderer:
  m_ObjectHideFlags: 0
  m_CorrespondingSourceObject: {fileID: 0}
  m_PrefabInstance: {fileID: 0}
  m_PrefabAsset: {fileID: 0}
  m_GameObject: {fileID: 5443523021546607565}
  m_Enabled: 0
  m_CastShadows: 1
  m_ReceiveShadows: 1
  m_DynamicOccludee: 1
  m_MotionVectors: 1
  m_LightProbeUsage: 1
  m_ReflectionProbeUsage: 1
  m_RayTracingMode: 2
  m_RenderingLayerMask: 1
  m_RendererPriority: 0
  m_Materials:
  - {fileID: 10303, guid: 0000000000000000f000000000000000, type: 0}
  m_StaticBatchInfo:
    firstSubMesh: 0
    subMeshCount: 0
  m_StaticBatchRoot: {fileID: 0}
  m_ProbeAnchor: {fileID: 0}
  m_LightProbeVolumeOverride: {fileID: 0}
  m_ScaleInLightmap: 1
  m_ReceiveGI: 1
  m_PreserveUVs: 0
  m_IgnoreNormalsForChartDetection: 0
  m_ImportantGI: 0
  m_StitchLightmapSeams: 1
  m_SelectedEditorRenderState: 3
  m_MinimumChartSize: 4
  m_AutoUVMaxDistance: 0.5
  m_AutoUVMaxAngle: 89
  m_LightmapParameters: {fileID: 0}
  m_SortingLayerID: 0
  m_SortingLayer: 0
  m_SortingOrder: 0
--- !u!65 &5161258451496635941
BoxCollider:
  m_ObjectHideFlags: 0
  m_CorrespondingSourceObject: {fileID: 0}
  m_PrefabInstance: {fileID: 0}
  m_PrefabAsset: {fileID: 0}
  m_GameObject: {fileID: 5443523021546607565}
  m_Material: {fileID: 0}
  m_IsTrigger: 0
  m_Enabled: 1
  serializedVersion: 2
  m_Size: {x: 1, y: 1, z: 1}
  m_Center: {x: 0, y: 0, z: 0}
--- !u!65 &1173684987501449989
BoxCollider:
  m_ObjectHideFlags: 0
  m_CorrespondingSourceObject: {fileID: 0}
  m_PrefabInstance: {fileID: 0}
  m_PrefabAsset: {fileID: 0}
  m_GameObject: {fileID: 5756382414593672726}
  m_Material: {fileID: 0}
  m_IsTrigger: 0
  m_Enabled: 1
  serializedVersion: 2
  m_Size: {x: 2, y: 3.1, z: 2}
  m_Center: {x: -2.05, y: 3, z: -2.25}
--- !u!1 &5933125186837586405
GameObject:
  m_ObjectHideFlags: 0
  m_CorrespondingSourceObject: {fileID: 0}
  m_PrefabInstance: {fileID: 0}
  m_PrefabAsset: {fileID: 0}
  serializedVersion: 6
  m_Component:
  - component: {fileID: 6063965710154143922}
  - component: {fileID: 350468178701642244}
  - component: {fileID: 5232175930901912416}
  m_Layer: 9
  m_Name: default
  m_TagString: Untagged
  m_Icon: {fileID: 0}
  m_NavMeshLayer: 0
  m_StaticEditorFlags: 0
  m_IsActive: 1
--- !u!4 &6063965710154143922
Transform:
  m_ObjectHideFlags: 0
  m_CorrespondingSourceObject: {fileID: 0}
  m_PrefabInstance: {fileID: 0}
  m_PrefabAsset: {fileID: 0}
  m_GameObject: {fileID: 5933125186837586405}
  m_LocalRotation: {x: 0, y: -0, z: -0, w: 1}
  m_LocalPosition: {x: -0, y: 0, z: 11.3}
  m_LocalScale: {x: 1, y: 1, z: 1}
  m_Children: []
  m_Father: {fileID: 4290197038240164336}
  m_RootOrder: 0
  m_LocalEulerAnglesHint: {x: 0, y: 0, z: 0}
--- !u!33 &350468178701642244
MeshFilter:
  m_ObjectHideFlags: 0
  m_CorrespondingSourceObject: {fileID: 0}
  m_PrefabInstance: {fileID: 0}
  m_PrefabAsset: {fileID: 0}
  m_GameObject: {fileID: 5933125186837586405}
  m_Mesh: {fileID: -2432090755550338912, guid: 215cc19dacb6705499db6d213e7428c6, type: 3}
--- !u!23 &5232175930901912416
MeshRenderer:
  m_ObjectHideFlags: 0
  m_CorrespondingSourceObject: {fileID: 0}
  m_PrefabInstance: {fileID: 0}
  m_PrefabAsset: {fileID: 0}
  m_GameObject: {fileID: 5933125186837586405}
  m_Enabled: 1
  m_CastShadows: 1
  m_ReceiveShadows: 1
  m_DynamicOccludee: 1
  m_MotionVectors: 1
  m_LightProbeUsage: 1
  m_ReflectionProbeUsage: 1
  m_RayTracingMode: 2
  m_RenderingLayerMask: 1
  m_RendererPriority: 0
  m_Materials:
  - {fileID: 2100000, guid: 9e5d30159707aed42849f9364d545b02, type: 2}
  m_StaticBatchInfo:
    firstSubMesh: 0
    subMeshCount: 0
  m_StaticBatchRoot: {fileID: 0}
  m_ProbeAnchor: {fileID: 0}
  m_LightProbeVolumeOverride: {fileID: 0}
  m_ScaleInLightmap: 1
  m_ReceiveGI: 1
  m_PreserveUVs: 0
  m_IgnoreNormalsForChartDetection: 0
  m_ImportantGI: 0
  m_StitchLightmapSeams: 1
  m_SelectedEditorRenderState: 3
  m_MinimumChartSize: 4
  m_AutoUVMaxDistance: 0.5
  m_AutoUVMaxAngle: 89
  m_LightmapParameters: {fileID: 0}
  m_SortingLayerID: 0
  m_SortingLayer: 0
  m_SortingOrder: 0
--- !u!1 &6888101079025083475
GameObject:
  m_ObjectHideFlags: 0
  m_CorrespondingSourceObject: {fileID: 0}
  m_PrefabInstance: {fileID: 0}
  m_PrefabAsset: {fileID: 0}
  serializedVersion: 6
  m_Component:
  - component: {fileID: 7175262483281902335}
  - component: {fileID: 1271055923271548379}
  m_Layer: 9
  m_Name: tree_1
  m_TagString: Untagged
  m_Icon: {fileID: 0}
  m_NavMeshLayer: 0
  m_StaticEditorFlags: 0
  m_IsActive: 1
--- !u!4 &7175262483281902335
Transform:
  m_ObjectHideFlags: 0
  m_CorrespondingSourceObject: {fileID: 0}
  m_PrefabInstance: {fileID: 0}
  m_PrefabAsset: {fileID: 0}
  m_GameObject: {fileID: 6888101079025083475}
  m_LocalRotation: {x: -0, y: -0, z: -0, w: 1}
  m_LocalPosition: {x: 0.95, y: -2.72, z: -0.09939999}
  m_LocalScale: {x: 0.5, y: 1.5, z: 0.01}
  m_Children:
  - {fileID: 4546186600040184383}
  m_Father: {fileID: 4629112671716873189}
  m_RootOrder: 1
  m_LocalEulerAnglesHint: {x: 0, y: 0, z: 0}
--- !u!65 &1271055923271548379
BoxCollider:
  m_ObjectHideFlags: 0
  m_CorrespondingSourceObject: {fileID: 0}
  m_PrefabInstance: {fileID: 0}
  m_PrefabAsset: {fileID: 0}
  m_GameObject: {fileID: 6888101079025083475}
  m_Material: {fileID: 0}
  m_IsTrigger: 0
  m_Enabled: 1
  serializedVersion: 2
  m_Size: {x: 2, y: 3.5, z: 3}
  m_Center: {x: -1.9, y: 3.8, z: 2.45}
--- !u!65 &1063746086419742689
BoxCollider:
  m_ObjectHideFlags: 0
  m_CorrespondingSourceObject: {fileID: 0}
  m_PrefabInstance: {fileID: 0}
  m_PrefabAsset: {fileID: 0}
  m_GameObject: {fileID: 8098488788548871390}
  m_Material: {fileID: 0}
  m_IsTrigger: 0
  m_Enabled: 1
  serializedVersion: 2
  m_Size: {x: 2, y: 3.1, z: 2}
  m_Center: {x: -2.05, y: 3, z: -2.25}
--- !u!1 &8217166049583351264
GameObject:
  m_ObjectHideFlags: 0
  m_CorrespondingSourceObject: {fileID: 0}
  m_PrefabInstance: {fileID: 0}
  m_PrefabAsset: {fileID: 0}
  serializedVersion: 6
  m_Component:
  - component: {fileID: 1260277460351308288}
  - component: {fileID: 9078950038575697263}
  - component: {fileID: 6118297454083009617}
  - component: {fileID: 5077980644814461032}
  m_Layer: 9
  m_Name: Cube (1)
  m_TagString: Untagged
  m_Icon: {fileID: 0}
  m_NavMeshLayer: 0
  m_StaticEditorFlags: 0
  m_IsActive: 1
--- !u!4 &1260277460351308288
Transform:
  m_ObjectHideFlags: 0
  m_CorrespondingSourceObject: {fileID: 0}
  m_PrefabInstance: {fileID: 0}
  m_PrefabAsset: {fileID: 0}
  m_GameObject: {fileID: 8217166049583351264}
  m_LocalRotation: {x: -0, y: -0, z: -0, w: 1}
  m_LocalPosition: {x: 0, y: 3, z: 0.14}
  m_LocalScale: {x: 1, y: 7, z: 0.02}
  m_Children: []
  m_Father: {fileID: 4629112671716873189}
  m_RootOrder: 6
  m_LocalEulerAnglesHint: {x: 0, y: 0, z: 0}
--- !u!33 &9078950038575697263
MeshFilter:
  m_ObjectHideFlags: 0
  m_CorrespondingSourceObject: {fileID: 0}
  m_PrefabInstance: {fileID: 0}
  m_PrefabAsset: {fileID: 0}
  m_GameObject: {fileID: 8217166049583351264}
  m_Mesh: {fileID: 10202, guid: 0000000000000000e000000000000000, type: 0}
--- !u!23 &6118297454083009617
MeshRenderer:
  m_ObjectHideFlags: 0
  m_CorrespondingSourceObject: {fileID: 0}
  m_PrefabInstance: {fileID: 0}
  m_PrefabAsset: {fileID: 0}
  m_GameObject: {fileID: 8217166049583351264}
  m_Enabled: 0
  m_CastShadows: 1
  m_ReceiveShadows: 1
  m_DynamicOccludee: 1
  m_MotionVectors: 1
  m_LightProbeUsage: 1
  m_ReflectionProbeUsage: 1
  m_RayTracingMode: 2
  m_RenderingLayerMask: 1
  m_RendererPriority: 0
  m_Materials:
  - {fileID: 10303, guid: 0000000000000000f000000000000000, type: 0}
  m_StaticBatchInfo:
    firstSubMesh: 0
    subMeshCount: 0
  m_StaticBatchRoot: {fileID: 0}
  m_ProbeAnchor: {fileID: 0}
  m_LightProbeVolumeOverride: {fileID: 0}
  m_ScaleInLightmap: 1
  m_ReceiveGI: 1
  m_PreserveUVs: 0
  m_IgnoreNormalsForChartDetection: 0
  m_ImportantGI: 0
  m_StitchLightmapSeams: 1
  m_SelectedEditorRenderState: 3
  m_MinimumChartSize: 4
  m_AutoUVMaxDistance: 0.5
  m_AutoUVMaxAngle: 89
  m_LightmapParameters: {fileID: 0}
  m_SortingLayerID: 0
  m_SortingLayer: 0
  m_SortingOrder: 0
--- !u!65 &5077980644814461032
BoxCollider:
  m_ObjectHideFlags: 0
  m_CorrespondingSourceObject: {fileID: 0}
  m_PrefabInstance: {fileID: 0}
  m_PrefabAsset: {fileID: 0}
  m_GameObject: {fileID: 8217166049583351264}
  m_Material: {fileID: 0}
  m_IsTrigger: 0
  m_Enabled: 1
  serializedVersion: 2
  m_Size: {x: 1, y: 1, z: 1}
  m_Center: {x: 0, y: 0, z: 0}
--- !u!1001 &234875144944696791
PrefabInstance:
  m_ObjectHideFlags: 0
  serializedVersion: 2
  m_Modification:
    m_TransformParent: {fileID: 4629112671716873189}
    m_Modifications:
    - target: {fileID: -4216859302048453862, guid: ec6de91ef17a18f4db680e7e82b4ce41,
        type: 3}
      propertyPath: m_LocalPosition.x
      value: 1.03
      objectReference: {fileID: 0}
    - target: {fileID: -4216859302048453862, guid: ec6de91ef17a18f4db680e7e82b4ce41,
        type: 3}
      propertyPath: m_LocalPosition.y
      value: -2.66
      objectReference: {fileID: 0}
    - target: {fileID: -4216859302048453862, guid: ec6de91ef17a18f4db680e7e82b4ce41,
        type: 3}
      propertyPath: m_LocalPosition.z
      value: 0.0853
      objectReference: {fileID: 0}
    - target: {fileID: -4216859302048453862, guid: ec6de91ef17a18f4db680e7e82b4ce41,
        type: 3}
      propertyPath: m_LocalRotation.x
      value: -0
      objectReference: {fileID: 0}
    - target: {fileID: -4216859302048453862, guid: ec6de91ef17a18f4db680e7e82b4ce41,
        type: 3}
      propertyPath: m_LocalRotation.y
      value: -0
      objectReference: {fileID: 0}
    - target: {fileID: -4216859302048453862, guid: ec6de91ef17a18f4db680e7e82b4ce41,
        type: 3}
      propertyPath: m_LocalRotation.z
      value: -0
      objectReference: {fileID: 0}
    - target: {fileID: -4216859302048453862, guid: ec6de91ef17a18f4db680e7e82b4ce41,
        type: 3}
      propertyPath: m_LocalRotation.w
      value: 1
      objectReference: {fileID: 0}
    - target: {fileID: -4216859302048453862, guid: ec6de91ef17a18f4db680e7e82b4ce41,
        type: 3}
      propertyPath: m_RootOrder
      value: 3
      objectReference: {fileID: 0}
    - target: {fileID: -4216859302048453862, guid: ec6de91ef17a18f4db680e7e82b4ce41,
        type: 3}
      propertyPath: m_LocalEulerAnglesHint.x
      value: 0
      objectReference: {fileID: 0}
    - target: {fileID: -4216859302048453862, guid: ec6de91ef17a18f4db680e7e82b4ce41,
        type: 3}
      propertyPath: m_LocalEulerAnglesHint.y
      value: 0
      objectReference: {fileID: 0}
    - target: {fileID: -4216859302048453862, guid: ec6de91ef17a18f4db680e7e82b4ce41,
        type: 3}
      propertyPath: m_LocalEulerAnglesHint.z
      value: 0
      objectReference: {fileID: 0}
    - target: {fileID: -4216859302048453862, guid: ec6de91ef17a18f4db680e7e82b4ce41,
        type: 3}
      propertyPath: m_LocalScale.x
      value: 0.5
      objectReference: {fileID: 0}
    - target: {fileID: -4216859302048453862, guid: ec6de91ef17a18f4db680e7e82b4ce41,
        type: 3}
      propertyPath: m_LocalScale.z
      value: 0.0139999995
      objectReference: {fileID: 0}
    - target: {fileID: -4216859302048453862, guid: ec6de91ef17a18f4db680e7e82b4ce41,
        type: 3}
      propertyPath: m_LocalScale.y
      value: 1.5
      objectReference: {fileID: 0}
    - target: {fileID: -2416733968201007103, guid: ec6de91ef17a18f4db680e7e82b4ce41,
        type: 3}
      propertyPath: m_Materials.Array.data[0]
      value: 
      objectReference: {fileID: 2100000, guid: 1c6fbbd7d7dae064ea07a99220835ea6, type: 2}
    - target: {fileID: -927199367670048503, guid: ec6de91ef17a18f4db680e7e82b4ce41,
        type: 3}
      propertyPath: m_Name
      value: tree_2
      objectReference: {fileID: 0}
    - target: {fileID: -927199367670048503, guid: ec6de91ef17a18f4db680e7e82b4ce41,
        type: 3}
      propertyPath: m_Layer
      value: 9
      objectReference: {fileID: 0}
    - target: {fileID: 2534866581884222612, guid: ec6de91ef17a18f4db680e7e82b4ce41,
        type: 3}
      propertyPath: m_Layer
      value: 9
      objectReference: {fileID: 0}
    m_RemovedComponents: []
  m_SourcePrefab: {fileID: 100100000, guid: ec6de91ef17a18f4db680e7e82b4ce41, type: 3}
--- !u!1 &8098488788548871390 stripped
GameObject:
  m_CorrespondingSourceObject: {fileID: -927199367670048503, guid: ec6de91ef17a18f4db680e7e82b4ce41,
    type: 3}
  m_PrefabInstance: {fileID: 234875144944696791}
  m_PrefabAsset: {fileID: 0}
--- !u!4 &5060011324921517773 stripped
Transform:
  m_CorrespondingSourceObject: {fileID: -4216859302048453862, guid: ec6de91ef17a18f4db680e7e82b4ce41,
    type: 3}
  m_PrefabInstance: {fileID: 234875144944696791}
  m_PrefabAsset: {fileID: 0}
--- !u!1001 &4378389823856451359
PrefabInstance:
  m_ObjectHideFlags: 0
  serializedVersion: 2
  m_Modification:
    m_TransformParent: {fileID: 4629112671716873189}
    m_Modifications:
    - target: {fileID: -4216859302048453862, guid: ec6de91ef17a18f4db680e7e82b4ce41,
        type: 3}
      propertyPath: m_LocalPosition.x
      value: 1.03
      objectReference: {fileID: 0}
    - target: {fileID: -4216859302048453862, guid: ec6de91ef17a18f4db680e7e82b4ce41,
        type: 3}
      propertyPath: m_LocalPosition.y
      value: -2.66
      objectReference: {fileID: 0}
    - target: {fileID: -4216859302048453862, guid: ec6de91ef17a18f4db680e7e82b4ce41,
        type: 3}
      propertyPath: m_LocalPosition.z
      value: -0.2146
      objectReference: {fileID: 0}
    - target: {fileID: -4216859302048453862, guid: ec6de91ef17a18f4db680e7e82b4ce41,
        type: 3}
      propertyPath: m_LocalRotation.x
      value: -0
      objectReference: {fileID: 0}
    - target: {fileID: -4216859302048453862, guid: ec6de91ef17a18f4db680e7e82b4ce41,
        type: 3}
      propertyPath: m_LocalRotation.y
      value: -0
      objectReference: {fileID: 0}
    - target: {fileID: -4216859302048453862, guid: ec6de91ef17a18f4db680e7e82b4ce41,
        type: 3}
      propertyPath: m_LocalRotation.z
      value: -0
      objectReference: {fileID: 0}
    - target: {fileID: -4216859302048453862, guid: ec6de91ef17a18f4db680e7e82b4ce41,
        type: 3}
      propertyPath: m_LocalRotation.w
      value: 1
      objectReference: {fileID: 0}
    - target: {fileID: -4216859302048453862, guid: ec6de91ef17a18f4db680e7e82b4ce41,
        type: 3}
      propertyPath: m_RootOrder
      value: 4
      objectReference: {fileID: 0}
    - target: {fileID: -4216859302048453862, guid: ec6de91ef17a18f4db680e7e82b4ce41,
        type: 3}
      propertyPath: m_LocalEulerAnglesHint.x
      value: 0
      objectReference: {fileID: 0}
    - target: {fileID: -4216859302048453862, guid: ec6de91ef17a18f4db680e7e82b4ce41,
        type: 3}
      propertyPath: m_LocalEulerAnglesHint.y
      value: 0
      objectReference: {fileID: 0}
    - target: {fileID: -4216859302048453862, guid: ec6de91ef17a18f4db680e7e82b4ce41,
        type: 3}
      propertyPath: m_LocalEulerAnglesHint.z
      value: 0
      objectReference: {fileID: 0}
    - target: {fileID: -4216859302048453862, guid: ec6de91ef17a18f4db680e7e82b4ce41,
        type: 3}
      propertyPath: m_LocalScale.x
      value: 0.5
      objectReference: {fileID: 0}
    - target: {fileID: -4216859302048453862, guid: ec6de91ef17a18f4db680e7e82b4ce41,
        type: 3}
      propertyPath: m_LocalScale.z
      value: 0.0139999995
      objectReference: {fileID: 0}
    - target: {fileID: -4216859302048453862, guid: ec6de91ef17a18f4db680e7e82b4ce41,
        type: 3}
      propertyPath: m_LocalScale.y
      value: 1.5
      objectReference: {fileID: 0}
    - target: {fileID: -2416733968201007103, guid: ec6de91ef17a18f4db680e7e82b4ce41,
        type: 3}
      propertyPath: m_Materials.Array.data[0]
      value: 
      objectReference: {fileID: 2100000, guid: 1c6fbbd7d7dae064ea07a99220835ea6, type: 2}
    - target: {fileID: -927199367670048503, guid: ec6de91ef17a18f4db680e7e82b4ce41,
        type: 3}
      propertyPath: m_Name
      value: tree_2 (2)
      objectReference: {fileID: 0}
    - target: {fileID: -927199367670048503, guid: ec6de91ef17a18f4db680e7e82b4ce41,
        type: 3}
      propertyPath: m_Layer
      value: 9
      objectReference: {fileID: 0}
    - target: {fileID: 2534866581884222612, guid: ec6de91ef17a18f4db680e7e82b4ce41,
        type: 3}
      propertyPath: m_Layer
      value: 9
      objectReference: {fileID: 0}
    m_RemovedComponents: []
  m_SourcePrefab: {fileID: 100100000, guid: ec6de91ef17a18f4db680e7e82b4ce41, type: 3}
--- !u!1 &5756382414593672726 stripped
GameObject:
  m_CorrespondingSourceObject: {fileID: -927199367670048503, guid: ec6de91ef17a18f4db680e7e82b4ce41,
    type: 3}
  m_PrefabInstance: {fileID: 4378389823856451359}
  m_PrefabAsset: {fileID: 0}
--- !u!4 &8771216117885547525 stripped
Transform:
  m_CorrespondingSourceObject: {fileID: -4216859302048453862, guid: ec6de91ef17a18f4db680e7e82b4ce41,
    type: 3}
  m_PrefabInstance: {fileID: 4378389823856451359}
  m_PrefabAsset: {fileID: 0}
--- !u!1001 &6834721158064068735
PrefabInstance:
  m_ObjectHideFlags: 0
  serializedVersion: 2
  m_Modification:
    m_TransformParent: {fileID: 4629112671716873189}
    m_Modifications:
    - target: {fileID: -5975033157549033438, guid: ec6de91ef17a18f4db680e7e82b4ce41,
        type: 3}
      propertyPath: m_LocalPosition.z
      value: -0.43
      objectReference: {fileID: 0}
    - target: {fileID: -4216859302048453862, guid: ec6de91ef17a18f4db680e7e82b4ce41,
        type: 3}
      propertyPath: m_LocalPosition.x
      value: 1.03
      objectReference: {fileID: 0}
    - target: {fileID: -4216859302048453862, guid: ec6de91ef17a18f4db680e7e82b4ce41,
        type: 3}
      propertyPath: m_LocalPosition.y
      value: -2.66
      objectReference: {fileID: 0}
    - target: {fileID: -4216859302048453862, guid: ec6de91ef17a18f4db680e7e82b4ce41,
        type: 3}
      propertyPath: m_LocalPosition.z
      value: 0.2326
      objectReference: {fileID: 0}
    - target: {fileID: -4216859302048453862, guid: ec6de91ef17a18f4db680e7e82b4ce41,
        type: 3}
      propertyPath: m_LocalRotation.x
      value: -0
      objectReference: {fileID: 0}
    - target: {fileID: -4216859302048453862, guid: ec6de91ef17a18f4db680e7e82b4ce41,
        type: 3}
      propertyPath: m_LocalRotation.y
      value: -0
      objectReference: {fileID: 0}
    - target: {fileID: -4216859302048453862, guid: ec6de91ef17a18f4db680e7e82b4ce41,
        type: 3}
      propertyPath: m_LocalRotation.z
      value: -0
      objectReference: {fileID: 0}
    - target: {fileID: -4216859302048453862, guid: ec6de91ef17a18f4db680e7e82b4ce41,
        type: 3}
      propertyPath: m_LocalRotation.w
      value: 1
      objectReference: {fileID: 0}
    - target: {fileID: -4216859302048453862, guid: ec6de91ef17a18f4db680e7e82b4ce41,
        type: 3}
      propertyPath: m_RootOrder
      value: 2
      objectReference: {fileID: 0}
    - target: {fileID: -4216859302048453862, guid: ec6de91ef17a18f4db680e7e82b4ce41,
        type: 3}
      propertyPath: m_LocalEulerAnglesHint.x
      value: 0
      objectReference: {fileID: 0}
    - target: {fileID: -4216859302048453862, guid: ec6de91ef17a18f4db680e7e82b4ce41,
        type: 3}
      propertyPath: m_LocalEulerAnglesHint.y
      value: 0
      objectReference: {fileID: 0}
    - target: {fileID: -4216859302048453862, guid: ec6de91ef17a18f4db680e7e82b4ce41,
        type: 3}
      propertyPath: m_LocalEulerAnglesHint.z
      value: 0
      objectReference: {fileID: 0}
    - target: {fileID: -4216859302048453862, guid: ec6de91ef17a18f4db680e7e82b4ce41,
        type: 3}
      propertyPath: m_LocalScale.x
      value: 0.5
      objectReference: {fileID: 0}
    - target: {fileID: -4216859302048453862, guid: ec6de91ef17a18f4db680e7e82b4ce41,
        type: 3}
      propertyPath: m_LocalScale.z
      value: 0.0139999995
      objectReference: {fileID: 0}
    - target: {fileID: -4216859302048453862, guid: ec6de91ef17a18f4db680e7e82b4ce41,
        type: 3}
      propertyPath: m_LocalScale.y
      value: 1.5
      objectReference: {fileID: 0}
    - target: {fileID: -2416733968201007103, guid: ec6de91ef17a18f4db680e7e82b4ce41,
        type: 3}
      propertyPath: m_Materials.Array.data[0]
      value: 
      objectReference: {fileID: 2100000, guid: 1c6fbbd7d7dae064ea07a99220835ea6, type: 2}
    - target: {fileID: -927199367670048503, guid: ec6de91ef17a18f4db680e7e82b4ce41,
        type: 3}
      propertyPath: m_Name
      value: tree_2 (1)
      objectReference: {fileID: 0}
    - target: {fileID: -927199367670048503, guid: ec6de91ef17a18f4db680e7e82b4ce41,
        type: 3}
      propertyPath: m_Layer
      value: 9
      objectReference: {fileID: 0}
    - target: {fileID: 2534866581884222612, guid: ec6de91ef17a18f4db680e7e82b4ce41,
        type: 3}
      propertyPath: m_Layer
      value: 9
      objectReference: {fileID: 0}
    m_RemovedComponents: []
  m_SourcePrefab: {fileID: 100100000, guid: ec6de91ef17a18f4db680e7e82b4ce41, type: 3}
--- !u!1 &3312436799167398262 stripped
GameObject:
  m_CorrespondingSourceObject: {fileID: -927199367670048503, guid: ec6de91ef17a18f4db680e7e82b4ce41,
    type: 3}
  m_PrefabInstance: {fileID: 6834721158064068735}
  m_PrefabAsset: {fileID: 0}
--- !u!4 &1991570016936981349 stripped
Transform:
  m_CorrespondingSourceObject: {fileID: -4216859302048453862, guid: ec6de91ef17a18f4db680e7e82b4ce41,
    type: 3}
  m_PrefabInstance: {fileID: 6834721158064068735}
  m_PrefabAsset: {fileID: 0}
